@article{cox1997secure,
  title={Secure spread spectrum watermarking for multimedia},
  author={Cox, Ingemar J and Kilian, Joe and Leighton, F Thomson and Shamoon, Talal},
  journal={Image Processing, IEEE Transactions on},
  volume={6},
  number={12},
  pages={1673--1687},
  year={1997},
  publisher={IEEE}
}
